    @article{posen2021advances,
        title={Advances in Nb3Sn superconducting radiofrequency cavities towards first practical accelerator applications},
        author={Posen, Sam and Lee, Jaeyel and Seidman, David N and Romanenko, Alexander and Tennis, Brad and Melnychuk, OS and Sergatskov, DA},
        journal={Superconductor Science and Technology},
        volume={34},
        number={2},
        pages={025007},
        year={2021},
        publisher={IOP Publishing}
    }
